<?xml version="1.0" encoding="UTF-8"?><collection xmlns="http://www.loc.gov/MARC21/slim"><record><leader>00504nam--2200193-u-4500</leader><controlfield tag="001">000056492</controlfield><controlfield tag="002">20161230</controlfield><controlfield tag="005">20161230201052</controlfield><controlfield tag="008">151109s1000------------r-----000-0-rus-d</controlfield><datafield ind1=" " ind2=" " tag="040"><subfield code="a">IFIN-HH</subfield></datafield><datafield ind1=" " ind2=" " tag="041"><subfield code="a">rus</subfield></datafield><datafield ind1=" " ind2=" " tag="080"><subfield code="a">539.1</subfield></datafield><datafield ind1="1" ind2=" " tag="100"><subfield code="a">Gordeev, I.V</subfield></datafield><datafield ind1="1" ind2="0" tag="245"><subfield code="a">Iaderno-fiziceskie konstanti</subfield><subfield code="c">I.v. gordeev, d.a. kardasev, a.v. malisev</subfield></datafield><datafield ind1=" " ind2=" " tag="260"><subfield code="a">Moskva</subfield><subfield code="b">Atomizdat</subfield><subfield code="c">1963</subfield></datafield><datafield ind1=" " ind2=" " tag="300"><subfield code="a">507P</subfield></datafield><datafield ind1="1" ind2=" " tag="700"><subfield code="a">Kardasev, D.A</subfield><subfield code="d">Malisev, A.V</subfield></datafield><datafield ind1=" " ind2=" " tag="852"><subfield code="a">9385</subfield><subfield code="c">53.081</subfield></datafield><datafield ind1=" " ind2=" " tag="CAT"><subfield code="a">Sys</subfield><subfield code="c">20151109</subfield><subfield code="h">101524</subfield></datafield></record></collection>